<?xml version="1.0" encoding="UTF-8"?><collection xmlns="http://www.loc.gov/MARC21/slim"><record><leader>00513nam--2200157-i-4500</leader><controlfield tag="001">000031569</controlfield><controlfield tag="002">20161230</controlfield><controlfield tag="005">20161230201038</controlfield><controlfield tag="008">060222s1000------------r-----000-0-eng-d</controlfield><datafield ind1=" " ind2=" " tag="040"><subfield code="a">IFIN-HH</subfield></datafield><datafield ind1=" " ind2=" " tag="100"><subfield code="a">Lootsma,F.A.(ed.)</subfield></datafield><datafield ind1=" " ind2=" " tag="245"><subfield code="a">Numerical methods for non-linear optimization.conference sponsored by the science research council, university of dundee, scotland, 1971</subfield></datafield><datafield ind1=" " ind2=" " tag="260"><subfield code="a">LONDON, ACADEMIC PRESS, 1972. XIV+440 p</subfield></datafield><datafield ind1=" " ind2=" " tag="700"><subfield code="a">Lootsma, F.A</subfield></datafield><datafield ind1=" " ind2=" " tag="852"><subfield code="a">39264</subfield><subfield code="c">518.12</subfield></datafield><datafield ind1=" " ind2=" " tag="CAT"><subfield code="a">Sys</subfield><subfield code="c">20090702</subfield><subfield code="h">080411</subfield></datafield></record></collection>